<?xml version="1.0" encoding="UTF-8"?><collection xmlns="http://www.loc.gov/MARC21/slim"><record><leader>00371nam--2200121-i-4500</leader><controlfield tag="001">000038733</controlfield><controlfield tag="002">20161230</controlfield><controlfield tag="005">20161230201041</controlfield><controlfield tag="008">060222s1000------------r-----000-0-eng-d</controlfield><datafield ind1=" " ind2=" " tag="080"><subfield code="a">629.19(4)</subfield></datafield><datafield ind1=" " ind2=" " tag="245"><subfield code="a">Report presented by the european space agency to the 26th cospar meeting toulouese, france june 1986</subfield></datafield><datafield ind1=" " ind2=" " tag="260"><subfield code="a">Paris, European Space Agency, 1986, 330p</subfield></datafield><datafield ind1=" " ind2=" " tag="852"><subfield code="a">73282</subfield></datafield></record></collection>